@book{10.5555/248979,
author = {Golub, Gene H. and Van Loan, Charles F.},
title = {Matrix computations (3rd ed.)},
year = {1996},
isbn = {0801854148},
publisher = {Johns Hopkins University Press},
address = {USA}
}

@book{doi:10.1137/1.9780961408817,
author = {Strang, Gilbert},
title = {Computational Science and Engineering},
publisher = {Wellesley-Cambridge Press},
year = {2007},
doi = {10.1137/1.9780961408817},
address = {Philadelphia, PA},
edition   = {},
URL = {https://epubs.siam.org/doi/abs/10.1137/1.9780961408817},
eprint = {https://epubs.siam.org/doi/pdf/10.1137/1.9780961408817}
}

@misc{csr_fft,
  author       = {{C.S. Ramalingam}},
  title        = {Introduction to the Fast-Fourier Transform (FFT) Algorithm},
  howpublished = {\url{https://www.ee.iitm.ac.in/~csr/teaching/pg_dsp/lecnotes/fft.pdf}},
}

@misc{nyu_fft,
  title        = {Fast Fourier Transform (FFT)},
  howpublished = {\url{https://eeweb.engineering.nyu.edu/iselesni/EL713/zoom/fft}},
}

